@book{asimov1951foundation,
  title     = {Foundation},
  author    = {Asimov, I.},
  series    = {Foundation series},
  url       = {https://books.google.it/books?id=gFpQswEACAAJ},
  year      = {1951},
  publisher = {Gnome Press}
}

@article{citationneeded,
  title  = {Citation Needed!},
  author = {Please, Cite},
  year   = {2024}
}
