% Use this file for citations not found in the ACL Anthology (contained in "anthology.bib").

@misc{mitchell2023detectgpt,
  title         = {DetectGPT: Zero-Shot Machine-Generated Text Detection using Probability Curvature},
  author        = {Eric Mitchell and Yoonho Lee and Alexander Khazatsky and Christopher D. Manning and Chelsea Finn},
  year          = {2023},
  eprint        = {2301.11305},
  archiveprefix = {arXiv},
  primaryclass  = {cs.CL}
}

@misc{liu2019roberta,
  title         = {{RoBERTa}: A Robustly Optimized {BERT} Pretraining Approach},
  author        = {Yinhan Liu and Myle Ott and Naman Goyal and Jingfei Du and Mandar Joshi and Danqi Chen and Omer Levy and Mike Lewis and Luke Zettlemoyer and Veselin Stoyanov},
  year          = {2019},
  eprint        = {1907.11692},
  archiveprefix = {arXiv},
  primaryclass  = {cs.CL}
}

@article{10177704,
  author   = {Crothers, Evan N. and Japkowicz, Nathalie and Viktor, Herna L.},
  journal  = {IEEE Access},
  title    = {Machine-Generated Text: A Comprehensive Survey of Threat Models and Detection Methods},
  year     = {2023},
  volume   = {11},
  number   = {},
  pages    = {70977-71002},
  keywords = {Surveys;Threat modeling;Artificial intelligence;Transformers;Natural languages;Text detection;Information integrity;Artificial intelligence;cybersecurity;disinformation;generative AI;large language models;machine learning;text generation;threat modeling;transformer;trustworthy AI},
  doi      = {10.1109/ACCESS.2023.3294090}
}

@inproceedings{vajjala-meurers-2012-improving,
  title     = {On Improving the Accuracy of Readability Classification using Insights from Second Language Acquisition},
  author    = {Vajjala, Sowmya  and
               Meurers, Detmar},
  editor    = {Tetreault, Joel  and
               Burstein, Jill  and
               Leacock, Claudia},
  booktitle = {Proceedings of the Seventh Workshop on Building Educational Applications Using {NLP}},
  month     = jun,
  year      = {2012},
  address   = {Montr{\'e}al, Canada},
  publisher = {Association for Computational Linguistics},
  url       = {https://aclanthology.org/W12-2019},
  pages     = {163--173}
}


@inproceedings{yamada2020wikipedia2vec,
  title     = {{W}ikipedia2{V}ec: An Efficient Toolkit for Learning and Visualizing the Embeddings of Words and Entities from {W}ikipedia},
  author    = {Yamada, Ikuya and Asai, Akari and Sakuma, Jin and Shindo, Hiroyuki and Takeda, Hideaki and Takefuji, Yoshiyasu and Matsumoto, Yuji},
  booktitle = {Proceedings of the 2020 Conference on Empirical Methods in Natural Language Processing: System Demonstrations},
  year      = {2020},
  publisher = {Association for Computational Linguistics},
  pages     = {23--30}
}

@article{stamatatos2013robustness,
  title   = {On the robustness of authorship attribution based on character n-gram features},
  author  = {Stamatatos, Ph D and others},
  journal = {Journal of Law and Policy},
  volume  = {21},
  number  = {2},
  pages   = {7},
  year    = {2013}
}

@article{honnibal2020spacy,
  added-at  = {2023-05-22T04:49:27.000+0200},
  author    = {Honnibal, Matthew and Montani, Ines and Van Landeghem, Sofie and Boyd, Adriane},
  biburl    = {https://www.bibsonomy.org/bibtex/2616669ca18ac051794c0459373696942/rerry},
  doi       = {10.5281/zenodo.1212303},
  interhash = {2d1b3a0bb97e51df1b88d8852cd5ac01},
  intrahash = {616669ca18ac051794c0459373696942},
  keywords  = {nlp},
  timestamp = {2023-05-22T04:49:27.000+0200},
  title     = {{spaCy: Industrial-strength Natural Language Processing in Python}},
  year      = 2020
}

@article{Hansen_2023,
  title     = {{TextDescriptives}: A {Python} package for calculating a
               large variety of metrics from text},
  volume    = {8},
  issn      = {2475-9066},
  url       = {http://dx.doi.org/10.21105/joss.05153},
  doi       = {10.21105/joss.05153},
  number    = {84},
  journal   = {Journal of Open Source Software},
  publisher = {The Open Journal},
  author    = {Hansen, Lasse and Olsen, Ludvig Renbo and Enevoldsen, Kenneth},
  year      = {2023},
  month     = apr,
  pages     = {5153}
}

@misc{mikolov2013efficient,
  title         = {Efficient Estimation of Word Representations in Vector Space},
  author        = {Tomas Mikolov and Kai Chen and Greg Corrado and Jeffrey Dean},
  year          = {2013},
  eprint        = {1301.3781},
  archiveprefix = {arXiv},
  primaryclass  = {cs.CL}
}

 @article{hochreiter1997long,
  title     = {Long short-term memory},
  author    = {Hochreiter, Sepp and Schmidhuber, J{\"u}rgen},
  journal   = {Neural computation},
  volume    = {9},
  number    = {8},
  pages     = {1735--1780},
  year      = {1997},
  publisher = {MIT Press}
} 

@misc{touvron2023llama,
  title         = {{LLaMA}: Open and Efficient Foundation Language Models},
  author        = {Hugo Touvron and Thibaut Lavril and Gautier Izacard and Xavier Martinet and Marie-Anne Lachaux and Timothée Lacroix and Baptiste Rozière and Naman Goyal and Eric Hambro and Faisal Azhar and Aurelien Rodriguez and Armand Joulin and Edouard Grave and Guillaume Lample},
  year          = {2023},
  eprint        = {2302.13971},
  archiveprefix = {arXiv},
  primaryclass  = {cs.CL}
}

@misc{jiang2023mistral,
  title         = {Mistral 7B},
  author        = {Albert Q. Jiang and Alexandre Sablayrolles and Arthur Mensch and Chris Bamford and Devendra Singh Chaplot and Diego de las Casas and Florian Bressand and Gianna Lengyel and Guillaume Lample and Lucile Saulnier and Lélio Renard Lavaud and Marie-Anne Lachaux and Pierre Stock and Teven Le Scao and Thibaut Lavril and Thomas Wang and Timothée Lacroix and William El Sayed},
  year          = {2023},
  eprint        = {2310.06825},
  archiveprefix = {arXiv},
  primaryclass  = {cs.CL}
}

@misc{brown2020language,
  title         = {Language Models are Few-Shot Learners},
  author        = {Tom B. Brown and Benjamin Mann and Nick Ryder and Melanie Subbiah and Jared Kaplan and Prafulla Dhariwal and Arvind Neelakantan and Pranav Shyam and Girish Sastry and Amanda Askell and Sandhini Agarwal and Ariel Herbert-Voss and Gretchen Krueger and Tom Henighan and Rewon Child and Aditya Ramesh and Daniel M. Ziegler and Jeffrey Wu and Clemens Winter and Christopher Hesse and Mark Chen and Eric Sigler and Mateusz Litwin and Scott Gray and Benjamin Chess and Jack Clark and Christopher Berner and Sam McCandlish and Alec Radford and Ilya Sutskever and Dario Amodei},
  year          = {2020},
  eprint        = {2005.14165},
  archiveprefix = {arXiv},
  primaryclass  = {cs.CL}
}

@inproceedings{semeval2024task8,
  title     = {{SemEval}-2024 Task 8: Multigenerator, Multidomain, and Multilingual Black-Box Machine-Generated Text Detection},
  author    = {Wang, Yuxia and Mansurov, Jonibek and Ivanov, Petar and Su, Jinyan and Shelmanov, Artem and Tsvigun, Akim and Whitehouse, Chenxi and Afzal, Osama Mohammed and Mahmoud, Tarek and Puccetti, Giovanni and Arnold, Thomas and Aji, Alham Fikri and Habash, Nizar and Gurevych, Iryna and Nakov, Preslav},
  booktitle = {Proceedings of the 18th International Workshop on Semantic Evaluation},
  series    = {SemEval 2024},
  year      = {2024},
  address   = {Mexico City, Mexico},
  month     = {June},
  pages     = {},
  doi       = {}
}


@book{Aho:72,
  author    = {Alfred V. Aho and Jeffrey D. Ullman},
  title     = {The Theory of Parsing, Translation and Compiling},
  year      = {1972},
  volume    = {1},
  publisher = {Prentice-Hall},
  address   = {Englewood Cliffs, NJ}
}

@book{APA:83,
  author    = {{American Psychological Association}},
  title     = {Publications Manual},
  year      = {1983},
  publisher = {American Psychological Association},
  address   = {Washington, DC}
}

@article{Chandra:81,
  author  = {Ashok K. Chandra and Dexter C. Kozen and Larry J. Stockmeyer},
  year    = {1981},
  title   = {Alternation},
  journal = {Journal of the Association for Computing Machinery},
  volume  = {28},
  number  = {1},
  pages   = {114--133},
  doi     = {10.1145/322234.322243}
}

@inproceedings{andrew2007scalable,
  title     = {Scalable training of {L1}-regularized log-linear models},
  author    = {Andrew, Galen and Gao, Jianfeng},
  booktitle = {Proceedings of the 24th International Conference on Machine Learning},
  pages     = {33--40},
  year      = {2007}
}

@book{Gusfield:97,
  author    = {Dan Gusfield},
  title     = {Algorithms on Strings, Trees and Sequences},
  year      = {1997},
  publisher = {Cambridge University Press},
  address   = {Cambridge, UK}
}

@article{rasooli-tetrault-2015,
  author  = {Mohammad Sadegh Rasooli and Joel R. Tetreault},
  title   = {Yara Parser: {A} Fast and Accurate Dependency Parser},
  journal = {Computing Research Repository},
  volume  = {arXiv:1503.06733},
  year    = {2015},
  url     = {http://arxiv.org/abs/1503.06733},
  note    = {version 2}
}

@article{Ando2005,
  acmid      = {1194905},
  author     = {Ando, Rie Kubota and Zhang, Tong},
  issn       = {1532-4435},
  issue_date = {12/1/2005},
  journal    = {Journal of Machine Learning Research},
  month      = dec,
  numpages   = {37},
  pages      = {1817--1853},
  publisher  = {JMLR.org},
  title      = {A Framework for Learning Predictive Structures from Multiple Tasks and Unlabeled Data},
  volume     = {6},
  year       = {2005}
}

@article{Gao2021,
  author  = {Nassim Dehouche},
  title   = {Plagiarism in the age of massive Generative Pre-trained Transformers ({GPT-3})},
  journal = {Ethics in Science and Environmental Politics},
  year    = {2021},
  pages   = {17--23}
}

@article{Popescu2009,
  author  = {Marius-Constantin Popescu and Valentina E. Balas and Liliana Perescu-Popescu and Nikos Mastorakis},
  title   = {Multilayer perceptron and neural networks.},
  journal = {WSEAS Transactions on Circuits and Systems},
  year    = {2009},
  pages   = {579--588},
  volume  = {7},
  number  = {1}
}

@article{Radford2019,
  author  = {Alec Radford and Jeffrey Wu and Rewon Child and David Luan and Dario Amodei and Ilya Sutskever},
  title   = {Language models are unsupervised multitask learners},
  journal = {OpenAI blog},
  year    = {2019},
  volume  = {1},
  number  = {8},
  pages   = {9}
}

@article{Chaka2023,
  author  = {Chaka Chaka},
  title   = {Detecting {AI} content in responses generated by {ChatGPT}, {YouChat}, and {Chatsonic}: The case of five {AI} content detection tools},
  journal = {Journal of Applied Learning and Teaching},
  year    = {2023},
  volume  = {6},
  number  = {2}
}

